%Bibliografia

@misc{incanter,
  title           = {Biblioteka incanter},
  howpublished    = {\url{https://github.com/incanter/incanter}},
}

@misc{instrukcja,
  title           = {instrukcja do zad. 1},
  howpublished    = {\url{https://ftims.edu.p.lodz.pl/mod/url/view.php?id=6495}},
}

@misc{instrukcja2,
  title           = {instrukcja do zad. 2},
  howpublished    =
                  {\url{https://ftims.edu.p.lodz.pl/pluginfile.php/13449/mod_resource/content/0/zadanie2.pdf}},
}
